<?xml version="1.0" encoding="UTF-8"?><collection><record><leader>06975ntm a2200565 a 4500</leader><controlfield tag="001">006806838</controlfield><controlfield tag="003">MiAaHDL</controlfield><controlfield tag="005">20190719000000.0</controlfield><controlfield tag="006">m        d        </controlfield><controlfield tag="007">cr bn ---auaua</controlfield><controlfield tag="008">090603s16uu    xx            00| ||ara d</controlfield><datafield tag="035" ind1=" " ind2=" "><subfield code="a">(MiU)006806838</subfield></datafield><datafield tag="035" ind1=" " ind2=" "><subfield code="a">sdr-miu006806838</subfield></datafield><datafield tag="040" ind1=" " ind2=" "><subfield code="a">MiU</subfield><subfield code="c">MiU</subfield><subfield code="e">amremm</subfield></datafield><datafield tag="043" ind1=" " ind2=" "><subfield code="a">n-us-mi</subfield></datafield><datafield tag="100" ind1="1" ind2=" "><subfield code="6">880-01</subfield><subfield code="a">Ibn Ḥajar al-Haythamī, Aḥmad ibn Muḥammad,</subfield><subfield code="d">approximately 1503-approximately 1566.</subfield></datafield><datafield tag="240" ind1="1" ind2="0"><subfield code="6">880-02</subfield><subfield code="a">Ashraf al-wasāʼil ilá fahm al-Shamāʼil</subfield></datafield><datafield tag="245" ind1="1" ind2="0"><subfield code="6">880-03</subfield><subfield code="a">Kitāb Ashraf al-wasāʼil ilá fahm al-Shamāʼil,</subfield><subfield code="f">[17th century?].</subfield></datafield><datafield tag="260" ind1=" " ind2=" "><subfield code="c">[16--?].</subfield></datafield><datafield tag="300" ind1=" " ind2=" "><subfield code="a">260 leaves :</subfield><subfield code="b">paper ;</subfield><subfield code="c">207 x 157 (150 x 95) mm.</subfield></datafield><datafield tag="500" ind1=" " ind2=" "><subfield code="a">Shelfmark: Ann Arbor, University of Michigan, Special Collections Library, Isl. Ms. 489</subfield></datafield><datafield tag="500" ind1=" " ind2=" "><subfield code="a">Origin: As appears in opening matter on p.8, composed in 949 [1542 or 3]. Lacks dated colophon ; paper, etc. suggest 17th century.</subfield></datafield><datafield tag="500" ind1=" " ind2=" "><subfield code="a">Accompanying materials: a. Two inventory cataloguing slips in hand of Winifred Smeaton Thomas (pp.1-4) -- b. Acquisitions slip from Yahuda (pp.5-6).</subfield></datafield><datafield tag="500" ind1=" " ind2=" "><subfield code="a">Former shelfmark: From inner front cover and spine label, "IL 16a" (likely supplied by Yahuda, see acquisitions slip).</subfield></datafield><datafield tag="500" ind1=" " ind2=" "><subfield code="a">Binding: Pasteboards covered in brown leather ; Type II binding (with flap) ; board linings in dull yellow paper ; upper and lower cover carry tooled diamond-shaped binding ornament, built up from a series of four-petaled flower shapes, along with tooled rule-border ; sewn in cream thread, two stations ; worked endbands in red and yellow, in poor condition with significant losses ; overall in poor condition with significant staining and deposits (possible acid burn or fire damage), shrinkage, lifting and losses of leather, delamination of boards, etc.</subfield></datafield><datafield tag="500" ind1=" " ind2=" "><subfield code="a">Support: European laid paper of perhaps several types ; all with 7 laid lines per cm. (vertical), chain lines spaced 28-30 mm. apart (horizontal), and watermarks including three crescents (75 mm., perpendicular to chains, see p.16-17), anchor in circle (see p.76-77), and crown-star-crescent (see pp.114, 119) ; countermarks include "FB" (p.56), "MS" or "AS" [?] (p.122) and "GC" (p.136, with additional anchor in circle and three crescents marks, pp.130, 140, 144, etc., compare Heawood 4) ; all sturdy, well-sized and burnished, even glazed, some glossy.</subfield></datafield><datafield tag="500" ind1=" " ind2=" "><subfield code="a">Decoration: Keywords and section headings rubricated ; textual dividers in the form of red inverted commas ; some overlining in red.</subfield></datafield><datafield tag="500" ind1=" " ind2=" "><subfield code="a">Script: Naskh ; clear Egyptian [?] hand in a medium to bold line ; virtually serifless (though occasional head-serif irregularly appears) with very slight effect of tilt to the left, curvilinear descenders, pointing mainly in distinct dots (three dots represented by a curved stroke), alif maqṣūrah occasionally pointed as yāʼ, kāf mashqūqah preferred (even final kāf), adhering fairly closely to baseline ; glosses as well brief excerpts at opening and close (p.7 and pp.525-7) in a Mahgribī hand.</subfield></datafield><datafield tag="500" ind1=" " ind2=" "><subfield code="a">Layout: Written in 21 lines per page.</subfield></datafield><datafield tag="500" ind1=" " ind2=" "><subfield code="a">Collation: 16 V(160), IV (168), 9 V(258), I (260), i ; chiefly quinions ; catchwords present ; pagination in pencil, Western numerals, supplied during digitization (includes inserts and back flyleaf).</subfield></datafield><datafield tag="500" ind1=" " ind2=" "><subfield code="a">Explicit: "فيحتري له اهل الدين دون غيرهم جعلنا الله تعالى منهم بمنه وكرمه واجزل لنا من مدد سيدنا ونبينا محمد صلى الله عليه وسلم ... ولا حول ولا قوة الا بالله العلي العظيم والحمد لله اولا واخرا ظاهرا وباطنا وكفي وسلام على عباده الذين اصطفى وصلى الله على سيدنا محمد واله وصحبه وسلم تسليما كثيرا تم وكمل"</subfield></datafield><datafield tag="500" ind1=" " ind2=" "><subfield code="a">Incipit: "الحمد لله رب العالمين والصلاة والسلام على سيدنا محمد خاتم النبيين والمرسلين وعلى اله واصحابه اجمعين وبعد فهذه عجالة علقتها على مشكل شمائل الامام الحافظ ابي عيسى محمد ابن عيسى بن سورة بفتح المهملة فسكون اصلها لغة الحدة الترمذي ... سنة تسع واربعين وتسعمائة بالمسجد الحرام المكي وسميتها اشرف الوسائل الى فهم الشمائل ..."</subfield></datafield><datafield tag="500" ind1=" " ind2=" "><subfield code="a">Title from inscription on 'title page' (p.7) and opening matter (preface) on p.8.</subfield></datafield><datafield tag="500" ind1=" " ind2=" "><subfield code="a">Ms. codex.</subfield></datafield><datafield tag="510" ind1="4" ind2=" "><subfield code="a">Ḥājjī Khalīfah. Kashf al-ẓunūn,</subfield><subfield code="c">iv 70, no. 7640</subfield></datafield><datafield tag="510" ind1="4" ind2=" "><subfield code="a">Brockelmann, C. GAL,</subfield><subfield code="c">II 389 (no. 32) ; I 161-2 (II./cmt. 3) ; S I 268 (II./cmt. 3)</subfield></datafield><datafield tag="520" ind1="8" ind2=" "><subfield code="a">Fine early copy of the commentary by Ibn Ḥajar al-Haytamī (d.1567) on al-Tirmidhī's (d.892) Shamāʼil, a collection of traditions comprising the Prophet’s characteristics. Brief excerpts at opening and close (p.7 and pp.525-7).</subfield></datafield><datafield tag="538" ind1=" " ind2=" "><subfield code="a">Mode of access: Internet.</subfield></datafield><datafield tag="541" ind1=" " ind2=" "><subfield code="a">Acquired in 1926 from the bookseller Isaac Benjamin S.E. Yahuda via purchase transacted on his behalf by his younger brother, the famous Orientalist and manuscript collector Abraham Shalom Yahuda (1877-1951).</subfield></datafield><datafield tag="546" ind1=" " ind2=" "><subfield code="a">Arabic.</subfield></datafield><datafield tag="561" ind1=" " ind2=" "><subfield code="a">Possible former inventory mark on upper board lining ; former owners' marks on 'title page' (p.7) include purchase / ownership statement dated 1 Rabīʻ I 1127 [ca. 7 March 1715] in name of one ʻUthmān indicating the book was among items he purchased in Tūnis, accompanied by octagonal seal impression and ownership statement in name of al-Ḥājjī Yūsuf ibn Muḥammad Afandi, known as Khazīmatʹzādah (Hazimetzade Yusuf b. Mehmet Efendi / الحاجي يوسف بن محمد افندى المشهور بخزيمه زاده ) ; waqf statement in upper margin of incipit page (p.8) dated 1168 [1754 or 5] in name of al-Ḥājj Maḥmūd Afandī al-Ṣihrānī (Mahmut Efendi) reads "من موقوفات المرحوم الحاج محمود افندى الصهرانى سنه ١١٦٧" (compare statement in Isl. Ms. 635) ; marginal corrections and glosses in several hands (even Maghribī hand).</subfield></datafield><datafield tag="600" ind1="0" ind2="0"><subfield code="a">Muḥammad,</subfield><subfield code="c">Prophet,</subfield><subfield code="d">-632</subfield><subfield code="v">Biography</subfield><subfield code="v">Early works to 1800.</subfield></datafield><datafield tag="600" ind1="1" ind2="0"><subfield code="a">Tirmidhī, Muḥammad ibn ʻĪsá,</subfield><subfield code="d">-892.</subfield><subfield code="t">Shamāʼil.</subfield></datafield><datafield tag="650" ind1=" " ind2="0"><subfield code="a">Manuscripts, Arabic</subfield><subfield code="z">Michigan</subfield><subfield code="z">Ann Arbor.</subfield></datafield><datafield tag="650" ind1=" " ind2="0"><subfield code="a">Hadith</subfield><subfield code="x">Criticism, interpretation, etc.</subfield><subfield code="v">Early works to 1800.</subfield></datafield><datafield tag="650" ind1=" " ind2="0"><subfield code="a">Hadith</subfield><subfield code="v">Commentaries</subfield><subfield code="v">Early works to 1800.</subfield></datafield><datafield tag="773" ind1="0" ind2=" "><subfield code="a">Yahuda Collection.</subfield></datafield><datafield tag="880" ind1="1" ind2="0"><subfield code="6">245-03/</subfield><subfield code="a">كتاب اشرف الوسائل الى فهم الشمائل,</subfield><subfield code="f">[القرن 17م؟].</subfield></datafield><datafield tag="880" ind1="1" ind2="0"><subfield code="6">240-02/</subfield><subfield code="a">اشرف الوسائل الى فهم الشامائل</subfield></datafield><datafield tag="880" ind1="1" ind2=" "><subfield code="6">100-01/</subfield><subfield code="a">ابن حجر الهيثمي، احمد بن محمد.</subfield></datafield><datafield tag="CID" ind1=" " ind2=" "><subfield code="a">006806838</subfield></datafield><datafield tag="DAT" ind1="0" ind2=" "><subfield code="a">20190719102637.0</subfield><subfield code="b">20190719000000.0</subfield></datafield><datafield tag="DAT" ind1="1" ind2=" "><subfield code="a">20190719090653.0</subfield><subfield code="b">2019-07-19T16:10:26Z</subfield></datafield><datafield tag="DAT" ind1="2" ind2=" "><subfield code="a">2015-10-02T18:00:03Z</subfield></datafield><datafield tag="CAT" ind1=" " ind2=" "><subfield code="a">SDR-MIU</subfield><subfield code="d">EX LIBRIS - ALEPH</subfield><subfield code="l">prepare.pl-004-008</subfield></datafield><datafield tag="FMT" ind1=" " ind2=" "><subfield code="a">BK</subfield></datafield><datafield tag="HOL" ind1=" " ind2=" "><subfield code="0">sdr-miu006806838</subfield><subfield code="a">MiU</subfield><subfield code="b">SDR</subfield><subfield code="c">MIU</subfield><subfield code="p">mdp.39015079128016</subfield><subfield code="s">MIU</subfield><subfield code="1">006806838</subfield></datafield><datafield tag="974" ind1=" " ind2=" "><subfield code="b">MIU</subfield><subfield code="c">MIU</subfield><subfield code="d">20190719</subfield><subfield code="s">lit-dlps-dc</subfield><subfield code="u">mdp.39015079128016</subfield><subfield code="y">1699</subfield><subfield code="r">pd</subfield><subfield code="q">bib</subfield><subfield code="t">non-US bib date1 &lt; 1879</subfield></datafield></record></collection>